1783 2916
508 197 612 256 'The
660 201 893 266 Celcste'czl
939 201 1178 272 Coclszlsy.
1458 217 1524 278 31

137 373 261 423 Sunt
306 374 458 423 modo
501 374 688 439 praelia,
734 374 999 439 postmodo
1043 375 1280 438 praemia3
1330 374 1530 439 qualia?

351 466 515 531 plena,

136 557 290 607 Plena
319 559 550 621 refectio,
581 558 818 624 nullaque
849 560 1016 623 paffio,
1048 559 1286 624 nullaque
1317 577 1497 624 poena:

135 650 230 715 Spe
260 651 413 700 modo
444 652 648 714 vivitur,
679 666 727 699 et
759 650 893 719 Syon
921 652 1120 718 angitur
1147 670 1173 699 a
1206 650 1499 718 Babylone3

135 742 295 792 Nunc
315 743 571 792 tribulatio
590 765 601 801 3
629 757 753 792 tunc
775 743 1043 806 recreatio,
1064 744 1273 807 sceptra,
1296 761 1529 802 coronae3

132 835 292 884 Tunc
322 855 455 884 nova
483 835 639 904 gloria
668 836 871 900 pectora
901 836 1056 884 sobria
1086 834 1403 896 clarificabit,

135 926 307 976 Solvet
337 928 608 995 enigmata,
642 947 859 993 veraque
889 928 1085 976 sabbata
1116 929 1448 998 continuabit.

133 1018 287 1068 Liber
309 1034 357 1068 et
382 1019 626 1083 hostibus,
647 1034 695 1068 et
719 1020 1096 1069 dominantibus
1122 1021 1206 1068 ibit
1234 1020 1513 1078 Hebraeus;

132 1111 287 1162 Liber
316 1114 581 1162 habebitur
610 1128 657 1161 et
688 1112 1023 1161 celebrabitur
1052 1113 1169 1161 hinc
1204 1113 1456 1181 jubilaeus.

134 1203 298 1254 Patria
327 1205 551 1268 luminis,
583 1206 730 1254 inscia
760 1206 990 1267 turbinis,
1022 1205 1171 1253 inscia
1201 1204 1316 1267 litis,

133 1296 261 1346 Cive
289 1297 579 1362 replebitur,
608 1296 999 1362 amplificabitur
1029 1295 1291 1355 Israeliti33

133 1388 295 1438 Patria
325 1389 594 1454 splendida,
625 1404 858 1455 terraque
890 1389 1080 1451 florida,
1112 1389 1263 1437 libera
1296 1390 1457 1453 spinis,

137 1480 321 1530 Danda
357 1480 588 1530 fidelibus
618 1481 687 1529 est
718 1482 781 1530 ibi
811 1482 1025 1543 civibus,
1057 1482 1136 1529 hic
1167 1482 1454 1548 peregrinis.

132 1573 293 1622 Tunc
325 1574 415 1622 erit
445 1574 682 1622 omnibus
712 1574 1088 1638 inspicientibus
1118 1592 1202 1621 ora
1232 1573 1489 1621 Tonantis

133 1664 342 1714 Summa
370 1667 616 1730 potentia,
647 1665 793 1730 plena
822 1666 1041 1728 scientia,
1073 1684 1165 1730 pax
1204 1666 1280 1730 pia
1317 1665 1528 1723 sanctis,

132 1756 240 1806 Pax
268 1756 370 1806 fine
400 1759 632 1820 crimine,
657 1777 750 1822 pax
780 1756 880 1806 sine
909 1759 1130 1820 turbine,
1155 1776 1249 1822 pax
1279 1756 1379 1806 fine
1407 1758 1529 1819 rixa,

132 1848 280 1899 Meta
309 1850 581 1912 laboribus,
611 1865 763 1916 atque
793 1850 1096 1898 tumultibus
1125 1851 1346 1898 anchora
1377 1849 1492 1900 fixa.

130 1941 249 1991 Pars
280 1961 390 1991 mea
422 1942 537 1991 Rex
567 1961 731 2005 meus,
753 1944 801 1990 in
831 1943 1032 2007 proprio
1058 1941 1202 1991 Deus
1233 1943 1326 2007 ipse
1351 1943 1532 1991 decore

133 2035 279 2084 Visus
306 2036 576 2098 amabitur,
606 2050 758 2101 atque
788 2036 1037 2084 videbitur
1067 2036 1268 2084 Auctor
1302 2036 1349 2083 in
1379 2054 1481 2084 ore.

131 2127 291 2175 Tunc
320 2126 483 2191 Jacob
516 2126 680 2190 Israel,
706 2142 754 2175 et
779 2126 871 2175 Lia
894 2142 1016 2176 tunc
1043 2127 1239 2176 Rachel
1263 2128 1530 2188 efficietur,

131 2219 292 2267 Tunc
326 2218 460 2288 Syon
488 2220 610 2268 atria
640 2220 915 2285 pulcraque
945 2220 1099 2284 patria
1130 2218 1438 2285 perficietur.

133 2422 186 2473 O
216 2425 348 2472 bona
378 2423 562 2488 Patria,
593 2424 783 2473 lumina
813 2426 970 2474 sobria
999 2440 1048 2474 te
1078 2426 1417 2490 speculantur,

132 2516 216 2564 Ad
245 2530 330 2564 tua
359 2517 564 2565 nomina
594 2516 784 2565 lumina
815 2518 970 2566 sobria
1000 2517 1472 2585 collacrymantur3
