1783 2916
505 139 612 198 The
660 143 893 208 Celestz'al
940 143 1176 215 Counsry.
1454 158 1532 222 33

135 313 187 364 O
217 315 349 363 bona
377 314 551 382 gloria,
584 316 793 373 vincor;
841 316 889 363 in
920 316 1088 363 omnia
1118 315 1223 364 laus
1252 328 1336 363 tua
1366 316 1501 364 vicit.

133 406 258 455 Sunt
289 406 423 475 Syon
451 408 571 455 atria
603 407 986 476 conjubilantia,
1017 421 1236 475 martyre
1266 406 1431 472 plena,

133 498 262 548 Cive
292 500 547 562 micantia,
580 498 809 564 Principe
840 499 1035 561 stantia,
1066 499 1179 547 luce
1208 500 1407 548 serena:

133 590 222 639 Est
251 591 314 639 ibi
345 592 541 655 pascua,
573 592 776 640 mitibus
806 593 974 654 afflua,
1006 590 1221 656 praestita
1251 591 1447 653 sanetis,

132 682 286 750 Regis
317 684 379 731 ibi
410 684 642 745 thronus,
666 684 878 750 agminis
908 698 955 732 et
985 684 1131 733 sonus
1160 683 1230 732 est
1260 683 1526 748 epulantis.

131 773 277 824 Gens
331 775 461 824 duce
515 775 784 840 splendida,
829 777 1012 824 concio
1056 776 1264 824 candida
1311 775 1530 825 vestibus

343 867 466 917 albis

131 959 255 1008 Sunt
283 958 385 1008 fine
413 960 611 1009 fletibus
641 961 690 1008 in
722 959 857 1028 Syon
888 960 1096 1023 aedibus,
1128 961 1316 1009 aedibus
1344 961 1489 1009 almis
1518 982 1528 1016 ·,

130 1051 254 1100 Sunt
297 1051 399 1100 fine
443 1053 670 1115 erimine,
715 1053 824 1100 sunt
871 1051 971 1101 sine
1015 1053 1234 1115 turbine,
1278 1053 1386 1101 sunt
1430 1051 1531 1100 fine

346 1144 430 1193 lite

133 1236 194 1285 In
226 1236 360 1306 Syon
392 1237 581 1286 aedibus
612 1237 903 1287 editioribus
934 1237 1184 1287 Israelitae.

134 1330 272 1380 Urbs
304 1330 437 1399 Syon
468 1330 675 1399 inclyta,
705 1330 860 1398 gloria
890 1330 1054 1379 debita
1083 1329 1441 1397 glorificandis,

133 1422 224 1471 Tu
253 1423 385 1471 bona
415 1421 596 1472 vifibus
626 1423 947 1471 interioribus
978 1423 1151 1470 intima
1181 1422 1386 1487 pandis:

132 1514 319 1564 Intima
349 1515 559 1578 lumina,
590 1516 775 1564 mentis
803 1516 1039 1563 acumina
1068 1529 1116 1563 te
1145 1515 1484 1580 speculantur,

133 1607 346 1656 Pecf’mra
393 1608 626 1656 flammea
665 1608 743 1672 spe
778 1608 951 1670 modo,
982 1608 1151 1672 postea
1180 1608 1305 1656 sorte
1335 1607 1534 1656 lucran-

348 1714 446 1749 tUI‘.

135 1792 272 1841 Urbs
303 1792 439 1861 Syon
468 1793 636 1854 unica,
667 1791 856 1841 mansio
886 1792 1114 1861 mystica,
1146 1793 1349 1841 condita
1379 1793 1532 1853 coelo,

135 1884 295 1934 Nunc
348 1885 436 1933 tibi
488 1885 704 1952 gaudeo,
759 1903 894 1933 nune
949 1886 1069 1933 mihi
1129 1885 1294 1951 lugeo,
1349 1884 1533 1943 tristor,

348 1977 532 2025 anhelo
556 1996 565 2026 :

135 2069 221 2119 Te
250 2070 363 2136 quia
392 2088 603 2135 corpore
629 2089 729 2118 non
754 2089 903 2136 queo,
929 2071 1134 2135 pe&ore
1158 2071 1281 2135 saepe
1305 2085 1533 2135 penetro,

136 2161 230 2210 Sed
286 2181 403 2211 earo
458 2177 638 2225 terrea,
692 2177 924 2229 terraque
978 2181 1177 2225 carnea,
1233 2181 1352 2211 mox
1408 2163 1534 2210 cado

350 2269 484 2304 retro

136 2347 311 2396 Nemo
341 2363 588 2411 retexere,
620 2367 874 2414 nemoque
904 2367 1135 2413 promere
1163 2347 1364 2397 sustinet
1394 2367 1499 2407 ore,

137 2439 260 2506 Qio
289 2455 374 2490 tua
406 2441 612 2504 moenia,
642 2460 742 2506 quo
772 2441 1002 2506 capitalia
1032 2441 1178 2506 plena
1208 2440 1425 2498 decore3
