1783 2916
212 235 288 300 32
585 214 691 276 *The
739 221 972 287 Celesiz‘ael
1018 222 1254 294 Country.

216 392 305 442 Est
334 407 420 442 tua
449 395 640 443 mentio
669 395 888 459 pe&oris
918 394 1112 458 undfio,
1144 413 1264 443 cura
1292 394 1498 457 doloris,

216 477 639 552 Concipientibus
669 488 856 536 aethera
887 488 1141 536 mentibus
1171 488 1297 556 ignis
1325 488 1529 537 amoris.

215 579 303 629 Tu
334 579 477 629 locus
511 581 711 643 unicus,
742 580 924 646 illeque
953 580 1165 630 coelicus
1194 599 1246 630 es
1276 580 1542 645 paradisus,

217 668 343 721 Non
370 672 436 721 ibi
465 671 708 741 lacryma,
737 672 814 721 sed
845 672 1167 737 placidiffima
1197 672 1396 740 gaudia,
1429 673 1564 722 risus.

218 762 307 813 Est
336 765 400 813 ibi
431 762 623 813 confita
652 764 839 827 laurus,
864 779 911 814 et
942 763 1081 814 infita
1111 765 1289 814 cedrus
1319 766 1508 834 hysopo
1532 787 1543 822 3

214 855 340 906 Sunt
370 857 608 906 radiantia
640 858 824 926 jaspide
854 859 1054 920 maenia,
1085 858 1217 906 clara
1247 876 1470 926 pyropo:

215 949 353 998 Hinc
382 950 468 998 tibi
493 950 693 1013 sardius,
718 950 832 999 inde
855 951 1107 1015 topazius,
1129 951 1244 999 hinc
1266 949 1616 1018 amethystu83

215 1039 303 1090 Est
370 1056 456 1090 tua
528 1042 714 1090 fabrica
792 1043 974 1091 concio
1046 1042 1245 1105 coelica,
1313 1060 1617 1110 gemmaque

429 1132 678 1184 Christus.

213 1238 302 1287 Tu
355 1237 456 1287 fine
512 1239 699 1300 littore,
743 1253 795 1287 tu
850 1237 951 1286 sme
1006 1253 1252 1303 tempore,
1299 1239 1412 1286 fons
1467 1238 1618 1287 modo

431 1331 586 1393 rivus,

214 1421 385 1472 Dulce
409 1422 554 1472 bonis
584 1423 724 1488 sapis,
750 1422 922 1488 estque
946 1423 1032 1471 tibi
1059 1422 1180 1487 lapis
1205 1422 1427 1487 undique
1454 1423 1614 1471 vivus,

214 1514 304 1564 Est
334 1516 420 1564 tibi
451 1515 637 1578 laurea,
669 1515 758 1564 dos
787 1515 931 1564 datur
959 1533 1127 1577 aurea,
1158 1515 1323 1579 sponsa
1353 1515 1553 1577 decora,

215 1606 486 1674 Primaque
517 1606 764 1673 Principis
793 1608 959 1657 oscula
988 1608 1201 1673 suscipis,
1233 1608 1427 1672 inspicis
1457 1626 1574 1657 ora:

213 1700 442 1751 Candida
472 1702 590 1764 lilia,
622 1703 734 1750 viva
764 1701 971 1749 monilia
1000 1702 1109 1750 sunt
1140 1702 1247 1764 tibi,
1281 1700 1485 1766 Sponsa,

213 1796 394 1863 Agnus
422 1794 557 1843 adest
587 1796 695 1857 tibi,
722 1794 937 1860 Sponsus
959 1795 1095 1844 adest
1124 1796 1231 1857 tibi,
1257 1794 1343 1843 lux
1376 1795 1614 1859 speciosa:

211 1887 353 1936 Tota
384 1888 612 1955 negocia,
643 1888 841 1936 cantica
870 1887 1034 1936 dulcia
1064 1887 1211 1936 dulce
1241 1901 1436 1950 tonare,

211 1979 349 2029 Tam
399 1980 527 2029 mala
571 1980 755 2042 debita,
800 1981 951 2046 quam
999 1981 1130 2029 bona
1179 1980 1386 2044 praebita
1434 1981 1614 2047 conju-

427 2072 594 2122 bilare.

214 2175 350 2224 Urbs
382 2174 515 2243 Syon
545 2193 713 2238 aurea,
744 2190 913 2240 patrea
946 2175 1126 2238 la&ea,
1158 2176 1268 2223 cive
1299 2175 1500 2237 decora,

215 2266 392 2316 Omne
416 2286 502 2315 cor
526 2268 715 2330 obruis,
736 2268 973 2316 omnibus
1003 2267 1219 2316 obstruis
1249 2282 1297 2316 et
1327 2286 1415 2315 cor
1439 2282 1486 2316 et
1511 2286 1613 2316 ora.

215 2359 423 2422 Nescio,
455 2361 638 2422 nescio,
669 2379 782 2425 quae
819 2360 1072 2429 jubilatio,
1103 2360 1189 2409 lux
1218 2361 1305 2408 tibi
1336 2360 1517 2426 qualis,

216 2452 388 2520 Qiam
421 2453 616 2501 socialia
645 2453 842 2521 gaudia,
872 2453 1028 2521 gloria
1058 2453 1207 2518 quam
1239 2452 1494 2517 specialis:

214 2544 390 2594 Laude
415 2545 618 2594 studens
642 2564 698 2593 ea
721 2545 920 2608 tollere,
947 2563 1088 2594 mens
1113 2563 1223 2593 mea
1248 2545 1379 2593 vidhi
1405 2545 1614 2593 fatiscit:
